<record><leader>00000cas a2200000 a 4500</leader><controlfield tag="001">12356183</controlfield><controlfield tag="008">850807c19289999ksudr ne      0   a0eng d</controlfield><datafield ind1=" " ind2=" " tag="010"><subfield code="a">sn 85032010 </subfield></datafield><datafield ind1=" " ind2=" " tag="040"><subfield code="a">KSH</subfield><subfield code="b">eng</subfield><subfield code="c">KSH</subfield><subfield code="d">NPT</subfield><subfield code="d">NSD</subfield><subfield code="d">OCLCQ</subfield></datafield><datafield ind1=" " ind2=" " tag="012"><subfield code="m">1</subfield></datafield><datafield ind1="1" ind2=" " tag="022"><subfield code="a">1063-701X</subfield><subfield code="l">1063-701X</subfield><subfield code="2">1</subfield></datafield><datafield ind1=" " ind2=" " tag="032"><subfield code="a">398140</subfield><subfield code="b">USPS</subfield></datafield><datafield ind1=" " ind2=" " tag="037"><subfield code="b">Norton Daily Telegram, 213 S. Kansas, Norton, KS 67654</subfield></datafield><datafield ind1=" " ind2=" " tag="042"><subfield code="a">msc</subfield><subfield code="a">nsdp</subfield></datafield><datafield ind1="0" ind2=" " tag="130"><subfield code="a">Norton daily telegram (Norton, Kan. : 1928)</subfield></datafield><datafield ind1=" " ind2="0" tag="222"><subfield code="a">Norton daily telegram</subfield><subfield code="b">(1928)</subfield></datafield><datafield ind1="1" ind2="4" tag="245"><subfield code="a">The Norton daily telegram.</subfield></datafield><datafield ind1=" " ind2=" " tag="260"><subfield code="a">Norton, Kan. :</subfield><subfield code="b">[s.n.],</subfield><subfield code="c">1928-</subfield></datafield><datafield ind1=" " ind2=" " tag="300"><subfield code="a">v. :</subfield><subfield code="b">ill. ;</subfield><subfield code="c">58 cm.</subfield></datafield><datafield ind1=" " ind2=" " tag="310"><subfield code="a">Daily (except Sunday)</subfield></datafield><datafield ind1="0" ind2=" " tag="362"><subfield code="a">Vol. 21, no. 179 (Sept. 22, 1928)-</subfield></datafield><datafield ind1=" " ind2=" " tag="500"><subfield code="a">Publisher varies.</subfield></datafield><datafield ind1=" " ind2=" " tag="515"><subfield code="a">Numbering is irregular.</subfield></datafield><datafield ind1=" " ind2=" " tag="588"><subfield code="a">Latest issue consulted: Vol. 85, no. 84 (June 8, 1992).</subfield></datafield><datafield ind1=" " ind2=" " tag="752"><subfield code="a">United States</subfield><subfield code="b">Kansas</subfield><subfield code="c">Norton</subfield><subfield code="d">Norton.</subfield></datafield><datafield ind1="0" ind2="0" tag="780"><subfield code="t">Norton telegram (Norton, Kan. : 1923)</subfield><subfield code="w">(DLC)sn 85032012</subfield><subfield code="w">(OCoLC)12356170</subfield></datafield><datafield ind1="0" ind2="5" tag="780"><subfield code="t">Norton courier</subfield><subfield code="g">Sept. 1932</subfield><subfield code="w">(DLC)sn 85031976</subfield><subfield code="w">(OCoLC)12348055</subfield></datafield></record>